@unpublished{Manual,
    title = {{
    Physics Lab 4 - ESR Experiment Manual
    }},
    year = {2020/2021},
    author = {{Lab4 Physics staff}},
    institution = {Technion Institute of Technology}
}
@book{Kittel_Charles2004-11-11,
title={Introduction to Solid State Physics},
author={Kittel, Charles},
publisher={Wiley},
year={2004},
month={11},
day={11},
date={2004-11-11},
edition={Hardcover},
language={English},
pages={704},
keywords={Electromagnetism, Solid-State Physics, Physics},
isbn={978-0471415268},
isbn10={047141526X},
url-am={https://www.amazon.com/dp/047141526X/},
url-go={https://books.google.com/books?isbn=9780471415268},
price={190.19},
}
