@unpublished{Manual,
    title = {{
    Physics Lab 4 - Frank-Herz Experiment Manual
    }},
    year = {2020/2021},
    author = {{Lab4 Physics staff}},
    institution = {Technion Institute of Technology}
}

@Misc{NIST_ASD,
author = {A.~Kramida and {Yu.~Ralchenko} and
J.~Reader and {and NIST ASD Team}},
HOWPUBLISHED = {{NIST Atomic Spectra Database
(ver. 5.9), [Online]. Available:
{\tt{https://physics.nist.gov/asd}} [2022, April 9].
National Institute of Standards and Technology,
Gaithersburg, MD.}},
year = {2021},
}
