@unpublished{Manual,
    title = {{
    Physics Lab 4 - Nuclear Physics Experiment Manual
    }},
    year = {2020/2021},
    author = {{Lab4 Physics staff}},
    institution = {Technion Institute of Technology}
}
