@unpublished{Manual,
    title = {{
    Physics Lab 4 - Hall Effect Experiment Manual
    }},
    year = {2020/2021},
    author = {{Lab4 Physics staff}},
    institution = {Technion Institute of Technology}
}

@unpublished{ManufacturerManual,
    title = {{
    Hall effect in n- and p-germanium (Teslameter) Student's Sheet
    }},
    year = {2017},
    author = {{PHYWE}}
}
