@unpublished{Manual,
    title = {{
    Physics Lab 4 - Xray Experiment Manual
    }},
    year = {2020/2021},
    author = {{Lab4 Physics staff}},
    institution = {Technion Institute of Technology}
}
@article{Reevaluation,
author = {BEARDEN, J A and BURR, A F},
address = {U.S :},
issn = {0034-6861},
journal = {Reviews of modern physics},
number = {1},
publisher = {American Institute of Physics,},
title = {Reevaluation of X-Ray Atomic Energy Levels},
volume = {39},
year = {1967-1-1},
}
@article{xrayBooklet,
  title={LBNL/PUB-490 Rev. 2},
  author={Thompson, A and Attwood, D and Gullikson, E and Howells, M and Kim, KJ and Kirz, J and Kortright, J and Lindau, I and Pianatta, P and Robinson, A and others},
  journal={Lawrence Berkeley National Laboratory},
  year={2001}
}